<record><leader>00000cas a2200000 a 4500</leader><controlfield tag="001">9320304</controlfield><controlfield tag="008">830318d18941906ksucr ne      0    0eng  </controlfield><datafield ind1=" " ind2=" " tag="010"><subfield code="a">sn 82016423 </subfield></datafield><datafield ind1=" " ind2=" " tag="040"><subfield code="a">DLC</subfield><subfield code="b">eng</subfield><subfield code="c">DLC</subfield><subfield code="d">NPT</subfield><subfield code="d">DLC</subfield><subfield code="d">CUI</subfield><subfield code="d">OCLCQ</subfield><subfield code="d">OCLCF</subfield><subfield code="d">CUS</subfield></datafield><datafield ind1=" " ind2=" " tag="042"><subfield code="a">pcc</subfield></datafield><datafield ind1=" " ind2=" " tag="043"><subfield code="a">n-us-ks</subfield></datafield><datafield ind1="0" ind2="0" tag="050"><subfield code="a">Newspaper 7863</subfield></datafield><datafield ind1="1" ind2="4" tag="050"><subfield code="a">AN</subfield></datafield><datafield ind1="0" ind2="0" tag="245"><subfield code="a">Kansas semi-weekly capital.</subfield></datafield><datafield ind1="3" ind2="0" tag="246"><subfield code="a">Kansas semiweekly capital</subfield></datafield><datafield ind1=" " ind2=" " tag="260"><subfield code="a">Topeka, Kan. :</subfield><subfield code="b">[Topeka Capital Co.],</subfield><subfield code="c">1894-1906.</subfield></datafield><datafield ind1=" " ind2=" " tag="300"><subfield code="a">12 v. :</subfield><subfield code="b">ill. ;</subfield><subfield code="c">59 cm.</subfield></datafield><datafield ind1=" " ind2=" " tag="310"><subfield code="a">Semiweekly</subfield></datafield><datafield ind1="0" ind2=" " tag="362"><subfield code="a">Vol. 16, no. 40 (Oct. 2, 1894)-v. 27, no. 131 (Apr. 27, 1906).</subfield></datafield><datafield ind1=" " ind2=" " tag="500"><subfield code="a">Published by: David W. Mulvane, May 13, 1898-July 21, 1899; Capital Pub. Co., Mar. 3, 1903-Jan. 27, 1905; Arthur Capper, Jan. 31, 1905-Apr. 27, 1906.</subfield></datafield><datafield ind1=" " ind2=" " tag="500"><subfield code="a">"Republican."</subfield></datafield><datafield ind1=" " ind2=" " tag="530"><subfield code="a">Also issued on microfilm from the Library of Congress, Photoduplication Service.</subfield></datafield><datafield ind1=" " ind2="0" tag="651"><subfield code="a">Topeka (Kan.)</subfield><subfield code="v">Newspapers.</subfield></datafield><datafield ind1=" " ind2="0" tag="651"><subfield code="a">Shawnee County (Kan.)</subfield><subfield code="v">Newspapers.</subfield></datafield><datafield ind1=" " ind2="7" tag="651"><subfield code="a">Kansas</subfield><subfield code="z">Shawnee County.</subfield><subfield code="2">fast</subfield><subfield code="0">(OCoLC)fst01218523</subfield></datafield><datafield ind1=" " ind2="7" tag="651"><subfield code="a">Kansas</subfield><subfield code="z">Topeka.</subfield><subfield code="2">fast</subfield><subfield code="0">(OCoLC)fst01207212</subfield></datafield><datafield ind1=" " ind2="7" tag="655"><subfield code="a">Newspapers.</subfield><subfield code="2">fast</subfield><subfield code="0">(OCoLC)fst01423814</subfield></datafield><datafield ind1=" " ind2=" " tag="752"><subfield code="a">United States</subfield><subfield code="b">Kansas</subfield><subfield code="c">Shawnee</subfield><subfield code="d">Topeka.</subfield></datafield><datafield ind1="0" ind2="0" tag="780"><subfield code="t">Kansas weekly capital and farm journal</subfield><subfield code="w">(DLC)sn 85067011</subfield><subfield code="w">(OCoLC)12793793</subfield></datafield><datafield ind1="0" ind2="0" tag="785"><subfield code="t">Kansas weekly capital (Topeka, Kan. : 1906)</subfield><subfield code="w">(DLC)sn 85067012</subfield><subfield code="w">(OCoLC)12793771</subfield></datafield><datafield ind1="4" ind2="1" tag="856"><subfield code="3">01/01/1897 to 05/14/1901</subfield><subfield code="u">http://infoweb.newsbank.com/?db=EANX&amp;s_browseRef=decades/111FC9560AC72F90/all.xml</subfield></datafield><datafield ind1="1" ind2=" " tag="029"><subfield code="a">AU@</subfield><subfield code="b">000025783911</subfield></datafield></record>